%%
%% This BibTeX bibliography file was created using BibDesk. (MAC OS Only)
%% http://bibdesk.sourceforge.net/
%%

%%
%% Created for Lauro Cesar Araujo at 2013-08-21 10:57:09 -0300
%% Saved with string encoding Unicode (UTF-8)
%%

%
% Graphical Java application for managing BibTeX and BibLaTeX (.bib) databases (Windows/Linux/MAC)
% https://github.com/JabRef/jabref
%
% BibDesk-like software for Windows
% https://tex.stackexchange.com/questions/9454/bibdesk-like-software-for-windows
%
% LaTeX Bibliography Management
% https://en.wikibooks.org/wiki/LaTeX/Bibliography_Management#BibTeX
%
%
% $ date "+%Y-%m-%d %H:%M:%S"
% 2017-08-28 09:18:02
%
% YYYY-MM-DD format date in shell script
% https://stackoverflow.com/questions/1401482/yyyy-mm-dd-format-date-in-shell-script
%

@book{reg_analysis_weighted,
  Address = {Hoboken, New Jersey},
  Author    = {Samprit Chatterjee and Ali S. Hadi},
  Edition = {5},
  Publisher = {John Wiley and Sons},
  Title     = {Regression Analysis By Example},
  Year      = {2012},
}

@book{ols_intro_econometrics,
    Author = {James H. Stock and Mark W. Watson},
    Address = {New York City, New York},
    Edition = {2},
    Editor = {Addison Wesley},
    Publisher = {Pearson},
    Title = {Introduction to Econometrics},
    Year = {2006}}
    
@misc{weighted_taconeli,
    Address = {Curitiba},
    Author = {Cesar Augusto Taconeli},
    Howpublished = {Materiais de Aula},
    Title = {Modelos Lineares Generalizados},
    Url = {https://docs.ufpr.br/~taconeli/CE22516/Aula3.pdf},
    Urlaccessdate = {2021-03-15},
    Year = {2016},
    Bdsk-Url-1 = {https://docs.ufpr.br/~taconeli/CE22516/Aula3.pdf}}
    
@misc{substation_basics,
    Address = {Quebec, Canada},
    Author = {John D. McDonald},
    Title = {Substation Automation Basics },
    Subtitle = {The Next Generation},
    Url = {https://electricenergyonline.com/energy/magazine/321/article/Substation-Automation-Basics-The-Next-Generation.htm},
    Urlaccessdate = {2021-02-01},
    Year = {2007},
    Bdsk-Url-1 = {https://electricenergyonline.com/energy/magazine/321/article/Substation-Automation-Basics-The-Next-Generation.htm}}
    
@article{r2_weighted,
    Author = {John B. Willett and Judith D. Singer},
    Journal = {The American Statistician},
    Number = {3},
    Pages = {236-238},
    Title = {Another Cautionary Note about R2:},
    Subtitle = {Its Use in Weighted Least-Squares Regression Analysis},
    Volume = {42},
    Year = {1988}}
    
@book{lad,
    Author = {Peter Bloomfield and William L. Steiger},
    Address = {Basel},
    Editor = {Addison Wesley},
    Publisher = {Birkhäuser, Ltd.},
    Title = {Least Absolute Deviations},
    Subtitle = {Theory, applications and algorithms},
    Year = {1983}}
    
@book{conciseenclyclopediaofstatistics,
    Author = {Yadolah Dodge},
    Address = {New York Cityl},
    Edition = {1},
    %Editor = {Addison Wesley},
    Publisher = {Springer},
    Title = {The Concise Encyclopedia of Statistics},
    Year = {2008}}
    
@book{robust,
    Author = {Alessio Farcomeni and Luca Greco},
    Address = {Boca Raton, Florida},
    Edition = {1},
    %Editor = {Addison Wesley},
    Publisher = {Chapman \& Hall/CRC Press},
    Title = {Robust methods for data reduction},
    Year = {2015}}
    
@article{instabilitylad,
    Author = {Steven P. Ellis},
    Journal = {Statistical Science},
    Number = {4},
    Pages = {337-344},
    Title = {Instability of Least Squares, Least Absolute Deviation and Least Median of Squares Linear Regression},
    Volume = {13},
    Year = {1998}}
    
@article{comtrade1992,
    %Author = {IEEE Power Systems Relaying Committee},
    Author = {IEEE},
    Journal = {IEEE Transactions on Power Delivery},
    Number = {4},
    Pages = {1920-1926},
    Publisher = IEEE,
    Title = {COMTRADE: a new standard for common format for transient data exchange},
    Volume = {7},
    Year = {1992}}
    
@manual{IEC61850_7-2,
    Address = {Geneva},
    Month = {10},
    Day = {2},
    Org-Short = {IEC},
    Organization = {International Electrotechnical Commission},
    Pages = 226,
    Subtitle = {Communication networks and systems for power utility automation - Part 7-2: Basic information and communication structure - Abstract communication service interface (ACSI)},
    Title = {{IEC} 61850-7-2:2010},
    Year = {2020}}
    
@manual{C37.111-2013,
    Address = {Piscataway, New Jersey, EUA},
    Month = {06},
    Day = {02},
    Org-Short = {IEEE},
    Organization = {Institute of Electrical and Electronics Engineers},
    Subtitle = {Measuring relays and protection equipment – Part 24: Common format for transient data exchange (COMTRADE) for power systems},
    Title = {{IEEE}/{IEC} C37.111-2013 International Standard},
    Year = {2020}}

@manual{sv_typhoonhil,
    Address = {Somerville, Massachussetts, EUA},
    Organization = {{Typhoon HIL}},
    Org-Short = {{Typhoon HIL}},
    Howpublished = {Typhoon HIL Software Manual},
    Title = {IEC 61850 Sampled Values protocol},
    Url = {https://www.typhoon-hil.com/documentation/typhoon-hil-software-manual/References/iec_61850_sampled_values_protocol.html},
    Urlaccessdate = {2021-03-10},
    Year = {2020},
    Month = {3},
    Day = {18},
    Bdsk-Url-1 = {https://www.typhoon-hil.com/documentation/typhoon-hil-software-manual/References/iec_61850_sampled_values_protocol.html}}

 @manual{IEC61850-9-2,
    Address = {Geneva},
    Month = {2},
    Day = {12},
    Org-Short = {IEC},
    Organization = {International Electrotechnical Commission},
    Pages = 34,
    Subtitle = {Specific Communication Service Mapping (SCSM) –
Sampled values over ISO/IEC 8802-3},
    Title = {{IEC} 61850-9-2:2011+AMD1:2020},
    Year = {2020}}
    
@book{lathisig,
    Author = {B. P. Lathi},
    Address = {Porto Alegre},
    Edition = {2},
    %Editor = {Bookman},
    Publisher = {Bookman},
    Title = {Sinais e Sistemas Lineares},
    Year = {2006}}
    
@book{understandingdsp,
    Author = {Richard G. Lyons},
    Address = {Hoboken, New Jersey},
    Edition = {2},
    %Editor = {Bookman},
    Publisher = {Prentice Hall},
    Title = {Understanding Digital Signal Processing},
    Year = {2004}}
    
    @misc{fluke6100a,
    Address = {Everett, USA},
    Author = {Fluke},
    Title = {6105A/6100B Electrical Power Standards},
    %Subtitle = {The Next Generation},
    Url = {https://br.flukecal.com/products/electrical-calibration/electrical-calibrators/6105a6100b-electrical-power-standards},
    Urlaccessdate = {2021-15-04},
    Year = {2021},
    Bdsk-Url-1 = https://br.flukecal.com/products/electrical-calibration/electrical-calibrators/6105a6100b-electrical-power-standards}}
    
    @manual{IEC61869-13,
    Address = {Geneva},
    Month = {3},
    Day = {2},
    Org-Short = {IEC},
    Organization = {International Electrotechnical Commission},
    Pages = 226,
    Subtitle = {Instrument transformers - Part 13: Stand-alone merging unit (SAMU)},
    Title = {{IEC} 61869-13:2021},
    Year = {2021}}